<record><leader>00000cas a22000007a 4500</leader><controlfield tag="001">38059952</controlfield><controlfield tag="008">971209d1896191utnudn ne      0    0eng d</controlfield><datafield ind1=" " ind2=" " tag="010"><subfield code="a">sn 97065513 </subfield></datafield><datafield ind1=" " ind2=" " tag="040"><subfield code="a">TGN</subfield><subfield code="b">eng</subfield><subfield code="c">TGN</subfield><subfield code="d">TGN</subfield><subfield code="d">OCLCQ</subfield><subfield code="d">OCLCF</subfield><subfield code="d">OCLCO</subfield></datafield><datafield ind1="1" ind2=" " tag="029"><subfield code="a">AU@</subfield><subfield code="b">000013651758</subfield></datafield><datafield ind1=" " ind2=" " tag="042"><subfield code="a">msc</subfield></datafield><datafield ind1=" " ind2=" " tag="043"><subfield code="a">n-us-tn</subfield></datafield><datafield ind1="0" ind2=" " tag="130"><subfield code="a">Jackson daily sun (Jackson, Tenn.)</subfield></datafield><datafield ind1="1" ind2="4" tag="245"><subfield code="a">The Jackson daily sun.</subfield></datafield><datafield ind1=" " ind2=" " tag="260"><subfield code="a">Jackson, Tenn. :</subfield><subfield code="b">[J.W.N. Burkett]</subfield></datafield><datafield ind1=" " ind2=" " tag="300"><subfield code="a">v.</subfield></datafield><datafield ind1=" " ind2=" " tag="310"><subfield code="a">Daily (except Sat. and Sun.)</subfield></datafield><datafield ind1=" " ind2=" " tag="500"><subfield code="a">Publishers: J.W.N. Burkett, &lt;1896-1898&gt;; Sun Pub. Co., &lt;1900-1901&gt;; Martin &amp; Trussell, &lt;1902-1904&gt;; E.S. Trussell &amp; J.M. Simmons, &lt;1906&gt;; E.S. Trussell &amp; Sons, &lt;1910&gt;</subfield></datafield><datafield ind1=" " ind2=" " tag="588"><subfield code="a">Description based on: New ser. v. 1, no. 233 (Apr. 13, 1896).</subfield></datafield><datafield ind1=" " ind2="0" tag="651"><subfield code="a">Jackson (Tenn.)</subfield><subfield code="v">Newspapers.</subfield></datafield><datafield ind1=" " ind2="0" tag="651"><subfield code="a">Madison County (Tenn.)</subfield><subfield code="v">Newspapers.</subfield></datafield><datafield ind1=" " ind2="7" tag="655"><subfield code="a">Newspapers.</subfield><subfield code="2">fast</subfield><subfield code="0">(OCoLC)fst01423814</subfield></datafield><datafield ind1=" " ind2="7" tag="651"><subfield code="a">Tennessee</subfield><subfield code="z">Jackson.</subfield><subfield code="2">fast</subfield><subfield code="0">(OCoLC)fst01219777</subfield></datafield><datafield ind1=" " ind2="7" tag="651"><subfield code="a">Tennessee</subfield><subfield code="z">Madison County.</subfield><subfield code="2">fast</subfield><subfield code="0">(OCoLC)fst01219778</subfield></datafield><datafield ind1=" " ind2=" " tag="752"><subfield code="a">United States</subfield><subfield code="b">Tennessee</subfield><subfield code="c">Madison</subfield><subfield code="d">Jackson.</subfield></datafield><datafield ind1="0" ind2=" " tag="775"><subfield code="t">Jackson weekly sun</subfield><subfield code="w">(DLC)sn 97065516</subfield></datafield><datafield ind1="0" ind2="0" tag="780"><subfield code="t">Blade (Jackson, Tenn. : Daily)</subfield><subfield code="w">(DLC)sn 97065544</subfield></datafield><datafield ind1="0" ind2="0" tag="785"><subfield code="t">Jackson sun (Jackson, Tenn. : Daily)</subfield><subfield code="w">(DLC)sn 85042823</subfield></datafield></record>